<?xml version="1.0" encoding="UTF-8"?><collection xmlns="http://www.loc.gov/MARC21/slim"><record><leader>00395nam--2200133-i-4500</leader><controlfield tag="001">000041343</controlfield><controlfield tag="002">20161230</controlfield><controlfield tag="005">20161230201043</controlfield><controlfield tag="008">060222s1000------------r-----000-0-eng-d</controlfield><datafield ind1=" " ind2=" " tag="080"><subfield code="a">547.25</subfield></datafield><datafield ind1=" " ind2=" " tag="100"><subfield code="a">Seyferth,Dietmar And King,Bruce R</subfield></datafield><datafield ind1=" " ind2=" " tag="245"><subfield code="a">A nnual survey of organometallic chemistry. vol.1:covering the year 1965</subfield></datafield><datafield ind1=" " ind2=" " tag="260"><subfield code="a">Amsterdam, Elsevier Publ.Co.,1965. Xv + 424 P</subfield></datafield><datafield ind1=" " ind2=" " tag="852"><subfield code="a">23797</subfield></datafield></record></collection>